@article{greenwade93,
    author  = "George D. Greenwade",
    title   = "The {C}omprehensive {T}ex {A}rchive {N}etwork ({CTAN})",
    year    = "1993",
    journal = "TUGBoat",
    volume  = "14",
    number  = "3",
    pages   = "342--351"
}

@misc{clark2020electra,
      title={ELECTRA: Pre-training Text Encoders as Discriminators Rather Than Generators}, 
      author={Kevin Clark and Minh-Thang Luong and Quoc V. Le and Christopher D. Manning},
      year={2020},
      eprint={2003.10555},
      archivePrefix={arXiv},
      primaryClass={cs.CL}
}

@article{bowman2015large,
  title={A large annotated corpus for learning natural language inference},
  author={Bowman, Samuel R and Angeli, Gabor and Potts, Christopher and Manning, Christopher D},
  journal={arXiv preprint arXiv:1508.05326},
  year={2015}
}
